<?xml version="1.0" encoding="UTF-8"?><record xmlns="http://www.loc.gov/MARC21/slim" xmlns:cinclude="http://apache.org/cocoon/include/1.0" xmlns:zs="http://www.loc.gov/zing/srw/">
  <leader>00479cz  a2200133n  4500</leader>
  <controlfield tag="001">n  92071724 </controlfield>
  <controlfield tag="003">DLC</controlfield>
  <controlfield tag="005">19961204123539.3</controlfield>
  <controlfield tag="008">920715n| acannaab|          |n aaa |||  </controlfield>
  <datafield tag="010" ind1=" " ind2=" ">
    <subfield code="a">n  92071724 </subfield>
  </datafield>
  <datafield tag="040" ind1=" " ind2=" ">
    <subfield code="a">DLC</subfield>
    <subfield code="c">DLC</subfield>
    <subfield code="d">DLC</subfield>
  </datafield>
  <datafield tag="100" ind1="1" ind2="0">
    <subfield code="a">Theodosiou, Stratos</subfield>
  </datafield>
  <datafield tag="670" ind1=" " ind2=" ">
    <subfield code="a">His Ta astra kai hoi mythoi tous, 1991:</subfield>
    <subfield code="b">t.p. (Stratos Theodosiou)</subfield>
  </datafield>
  <datafield tag="670" ind1=" " ind2=" ">
    <subfield code="a">MetroĚntas ton achrono chrono, 1994:</subfield>
    <subfield code="b">t.p. (Stratos Theodosiou) flap (b. 1949; assistant prof. of astrophysics at the Univ. of Athens)</subfield>
  </datafield>
</record>